@article{selvin1975problem,
  title={A problem in probability (letter to the editor)},
  author={Selvin, Steve},
  journal={American Statistician},
  volume={29},
  number={1},
  pages={67},
  year={1975}
}

@article{李勇2018三门问题,
  title={“三门问题” 的反思},
  author={李勇 and 刘璐},
  journal={数学通报},
  number={9},
  pages={2},
  year={2018}
}

@article{杨培恒1990关于贝特朗奇论的讨论,
  title={关于贝特朗奇论的讨论},
  author={杨培恒},
  journal={陕西师大学报 (自然科学版)},
  volume={8},
  number={4},
  pages={75--77},
  year={1990}
}