@inproceedings{yuan2021explainability,
  title={On explainability of graph neural networks via subgraph explorations},
  author={Yuan, Hao and Yu, Haiyang and Wang, Jie and Li, Kang and Ji, Shuiwang},
  booktitle={International Conference on Machine Learning},
  pages={12241--12252},
  year={2021},
  organization={PMLR}
}

@article{alon2007network,
  title={Network motifs: theory and experimental approaches},
  author={Alon, Uri},
  journal={Nature Reviews Genetics},
  volume={8},
  number={6},
  pages={450--461},
  year={2007},
  publisher={Nature Publishing Group}
}


